@Article{Chen01,
  author = "Yong-Sheng Chen and Yi-Ping Hung and Chiou-Shann Fuh",
  title  = "Fast Block Matching Algorithm Based on the Winner-Update Strategy",
  journal= "IEEE Transactions On Image Processing",
  pages  = "1212--1222",
  volume =   10,
  number =    8,
  year   = 2001,
}

@Book{Nebes09,
  author    = "Ondřej Nebeský",
  title     = "Bakalářská práce: Rezervační systém carsharingové společnosti.",
  publisher = "KP FEL ČVUT",
  year      =  2009,
}

@Book{Varech10,
  author    = "Filip Vařecha",
  title     = "Diplomová práce: Transformace informačního systému pro carsharing do webové služby.",
  publisher = "KP FEL ČVUT",
  year      =  2010,
}

@Book{WagneJan,
  author    = "Jan Wágner",
  title     = "Bakalářská práce: Příprava systému autonapul.cz na reálné nasazení.",
  publisher = "KP FEL ČVUT",
  year      =  2012,
}

% Pokud potrebujeme BibTeXu napovedet, kde je nutne zachovat velka a mala 
% pismena, je potreba pouzit slozene zavorky {}. 
% Vetsinou jde o zkratky a vlastnich jmena, ktera nejsou na zacatku nazvu 
% publikace, pripadne o nazvy maker (viz napr. makro \LaTeX).

@Misc{Weber04,
  author = "Martin Weber",
  title  = "Auto{T}race: {A} utility for converting bitmap into vector graphics",
  note   = "\verb|http://autotrace.sourceforge.net|",
  year   = 2004,
}

@InProceedings{Weiss99,
  author    = "Yair Weiss",
  title     = "Segmentation using eigenvectors: {A} unifying view",
  booktitle = "Processings of IEEE International Conference on Computer Vision",
  editor    = "Kim Zheng",
  pages     = "975--982",
  year      =  1999,
}

@InProceedings{Nam04,
  author = 	  {Young Jin Nam and Chanik Park},
  title = 	  {An efficient fair queuing algorithm for guaranteed disk bandwidth},
  booktitle =     {Euro-Par 2004 Parallel Processing},
  year =	  {2004},
  editor =	  {M. Danelutto and D. Laforenza and M. Vanneschi},
  month =	  {august},
  series =	  {Lecture Notes in Computer Science},
  number =	  3149,
  pages =	  {799-802},
  publisher =     {Springer Verlag, 2004},
}


% Nekdy musime dlouhe URL odkazy zalamovat rucne, jak je ukazano nize.
% Vzdy ale uvedeme, kdy byla stranka naposledy aktualizovana, resp. pokud neni
% uvedeno, datum, kdy jsme udaje z ni nacerpali.

@Misc{CSTUG,
  key    = "web:cstug",
  author = "",
  title  = "{CSTUG} --- {\CS}{\TeX} {U}sers {G}roup --- hlavní stránka",
  note   = "\\ \verb|http://www.cstug.cz/|, stav z 2.\,3.\,2009",
}

@Misc{latexdocweb,
  key    = "web:latexdocweb",
  author = "",
  title  = "{\LaTeX} --- online manuál",
  note   = "\\ \verb|http://www.cstug.cz/latex/lm/frames.html|, stav ze 4.\,5.\,2009",
}


@Misc{infodp,
  key    = "web:infodp",
  author = "",
  title  = "K336 {I}nfo --- pokyny pro psaní diplomových prací",
  note   = "\\ \verb|https://info336.felk.cvut.cz/clanek.php?id=400|, stav ze 4.\,5.\,2009",
}

@Misc{infobp,
  key    = "web:infobp",
  author = "",
  title  = "K336 {I}nfo --- pokyny pro psaní bakalářských prací",
  note   = "\\ \verb|https://info336.felk.cvut.cz/clanek.php?id=504|, stav ze 4.\,5.\,2009",
}

%
@Misc{ipe,
  key    = "web:ipe",
  author = "",
  title  = "Grafický vektorový editor pro práce vhodný pro práci {\LaTeX}em",
  note   = "\\ \verb|http://tclab.kaist.ac.kr/ipe/|, stav z 4.\,5.\,2009",
}

@Misc{info,
  key    = "web:info",
  author = "",
  title  = "K336 {I}nfo",
  note   = "\\ \verb|  http://info336.felk.cvut.cz|, stav ze 4.\,5.\,2009",
}

@Misc{latexutf,
  key = "web:latexutf",
  author = "",
  title =  "Wiki Books {\LaTeX}/{I}nternationalization",
  note =   "\\ \verb|http://en.wikibooks.org/wiki/LaTeX/Internationalization|, stav z 1.\,5.\,2009",
}


@Misc{latexwiki,
  key    = "web:latexwiki",
  author = "",
  title  = "Wiki Books {\LaTeX}",
  note   = "\\ \verb|http://en.wikibooks.org/wiki/LaTeX/|, stav z 3.\,4.\,2009",
}


@Misc{dp_jcu,
  key = "web:dpjcu",
  author =       "",
  title =        "Pokyny pro psaní {DP} na {JČU}",
  note =         "\\ \verb|http://home.pf.jcu.cz/~edpo/pravidla/pravidla.html|, stav z 8.\,12.\,2008",
}

@Misc{dp_mendel,
  key = "web:dpmendel",
  author =       "",
  title =        "Pokyny pro psaní {DP} na {M}endelově univerzitě v {B}rně",
  note =         "\\ \verb|http://old.mendelu.cz/~rybicka/zpract/#diplomky|, stav z 1.\,2.\,2008",
}

@COMMENT( The references below have first names abridged. Do not follow this,
use full names whenever possible, BibTeX style will do the appropriate unifications. )

@Book{kniha,
  author =       "J. Žára and B. Beneš and P. Felkel",
  title =        "Moderní počítačová grafika",
  publisher =    "Computer Press s.r.o, Brno",
  edition =      "1st",
  year   = 1998,
  note =	"In Czech",
}

@Article{clanek,
  author =       "P. Slavík",
  title =        "Grammars and Rewriting Systems as Models for Graphical User Interfaces",
  journal =      "Cognitive Systems",
  pages =        "381--399",
  volume =       4,
  number =       "3/4",
  year =         1997,
}

@COMMENT( It is always better to use TeX diacritical escape sequences, 
e.g. {\'{L}}, in the bibliography database, making it encoding independent 
and thus compilable under different document encoding settings. 
Do not follow these examples! )

@InProceedings{sbornik,
  author = 	  "M. Haindl and {\'{L}}. Kment and  P. Slavík",
  title = 	  "Virtual Information Systems",
  booktitle =     "WSCG'2000 --- Short communication papers",
  year =	  2000,
  pages =	  "22--27",
  publisher =     "University of West Bohemia, Pilsen",
}

@Misc{www,
  key = "web:infogs",
  author =       "",
  title =        "Knihovna {G}rafické skupiny",
  note =         "\\ \verb|http://www.cgg.cvut.cz/Bib/library/|, stav z 30.\,8.\,2001",
}

@Misc{assembla,
  key = "Assembla",
  author =       "",
  title =        "",
  note =         "\\ \verb|https://www.assembla.com/spaces/wagnejan_metrocar/wiki|",
}

@Misc{brno,
  key = "web:brno",
  author =       "",
  title =        "Autonapůl Brno",
  note =         "\\ \verb|http://www.autonapul.org/|, stav z 30.\,12.\,2012",
}


@COMMENT(Another example of www sources referencing, posted by Petr Dlouhy April 2010)

@ONLINE{wiki:framework,
  author = "{Wikipedia contributors}",
  title = "Framework",
  cited = "10.\,9.\,2009",
  year =         2009,
  url = "http://cs.wikipedia.org/wiki/Framework"
  }

@ONLINE{wiki:carsharing,
  author = "{Wikipedia contributors}",
  title = "Carsharing",
  cited = "23.\,12.\,2012",
  year =         2012,
  url = "http://en.wikipedia.org/wiki/Carsharing"
  }


